<?xml version="1.0" encoding="UTF-8"?><collection xmlns="http://www.loc.gov/MARC21/slim"><record><leader>00360nam--2200133-i-4500</leader><controlfield tag="001">000019330</controlfield><controlfield tag="002">20161230</controlfield><controlfield tag="005">20161230201033</controlfield><controlfield tag="008">060222s1000------------r-----000-0-eng-d</controlfield><datafield ind1=" " ind2=" " tag="080"><subfield code="a">681.3.06</subfield></datafield><datafield ind1=" " ind2=" " tag="100"><subfield code="a">Forsythe, Alexandra I./S.A.</subfield></datafield><datafield ind1=" " ind2=" " tag="245"><subfield code="a">Computer science: a first course</subfield></datafield><datafield ind1=" " ind2=" " tag="260"><subfield code="a">New York, John Wiley &amp; Sons, Inc., 1969. Xviii + 553 P</subfield></datafield><datafield ind1=" " ind2=" " tag="852"><subfield code="a">36541</subfield></datafield></record></collection>